@book{bredon,
    title       = {Topology and Geometry},
    author      = {Bredon, Glen Eugene},
    edition     = {1},
    year        = {1993},
    pagetotal   = {xiv+557},
    publisher   = {Springer-Verlag New York},
    series      = {Graduate Texts in Mathematics},
    number      = {139},
    isbn        = {978-0-387-97926-7},
    doi         = {10.1007/978-1-4757-6848-0}
}

@book{lee_smooth,
    title       = {Introduction to Smooth Manifolds},
    author      = {Lee, John Marshall},
    edition     = {2},
    year        = {2012},
    pagetotal   = {xvi+708},
    publisher   = {Springer-Verlag New York},
    series      = {Graduate Texts in Mathematics},
    number      = {218},
    isbn        = {978-1-4419-9981-8},
    doi         = {10.1007/978-1-4419-9982-5}
}

@book{lee_riemannian,
    title       = {Introduction to Riemannian Manifolds},
    author      = {Lee, John Marshall},
    edition     = {2},
    year        = {2018},
    pagetotal   = {xiii+437},
    publisher   = {Springer International Publishing},
    series      = {Graduate Texts in Mathematics},
    number      = {176},
    isbn        = {978-3-319-91754-2},
    doi         = {10.1007/978-3-319-91755-9}
}

@book{wedhorn,
    title       = {Manifolds, Sheaves, and Cohomology},
    author      = {Wedhorn, Torsten},
    edition     = {1},
    year        = {2016},
    pagetotal   = {xvi+354},
    publisher   = {Springer Spektrum},
    series      = {Springer Studium Mathematik},
    isbn        = {978-3-658-10632-4},
    doi         = {10.1007/978-3-658-10633-1},
}

@online{lecture_webpage,
    title   = {Files - Sciebo},
    author  = {Dr.~Koen van den Dungen},
    date    = {2019-10},
    url     = {https://uni-bonn.sciebo.de/s/cIMvfDSEohyHhNr},
    urldate = {2019-10-07}
}

@online{prof_webpage,
    title   = {Homepage - Lecture},
    author  = {Dr.~Koen van den Dungen},
    date    = {2019-10},
    url     = {https://www.math.uni-bonn.de/people/kdungen/},
    urldate = {2019-10-07}
}

